@article{kalal2012tracking,
  title={Tracking-learning-detection},
  author={Kalal, Z. and Mikolajczyk, K. and Matas, J.},
  journal={Pattern Analysis and Machine Intelligence, IEEE Transactions on},
  volume={34},
  number={7},
  pages={1409--1422},
  year={2012},
  publisher={IEEE}
}

@article{pernicifacehugger,
  title={FaceHugger: The ALIEN Tracker Applied to Faces},
  author={Pernici, F.}
}

@article{nebehay2011evaluation,
  title={Evaluation of an online learning approach for robust object tracking},
  author={Nebehay, G. and Micusik, B. and Picus, C. and Pflugfelder, R.},
  year={2011}
}

@inproceedings{vandergheynst2012freak,
  title={FREAK: Fast Retina Keypoint},
  author={Vandergheynst, P. and Ortiz, R. and Alahi, A.},
  booktitle={2012 IEEE Conference on Computer Vision and Pattern Recognition},
  pages={510--517},
  year={2012},
  organization={IEEE}
}

@inproceedings{leutenegger2011brisk,
  title={BRISK: Binary robust invariant scalable keypoints},
  author={Leutenegger, S. and Chli, M. and Siegwart, R.Y.},
  booktitle={Computer Vision (ICCV), 2011 IEEE International Conference on},
  pages={2548--2555},
  year={2011},
  organization={IEEE}
}

@inproceedings{rublee2011orb,
  title={ORB: an efficient alternative to SIFT or SURF},
  author={Rublee, E. and Rabaud, V. and Konolige, K. and Bradski, G.},
  booktitle={Computer Vision (ICCV), 2011 IEEE International Conference on},
  pages={2564--2571},
  year={2011},
  organization={IEEE}
}

@inproceedings{zou,
  title={Deep Learning of Invariant Features via Tracked Video Sequences},
  author={Zou, W. and Zhu, S. and Ng, A. and Yu, K.},
  year={2012},
  publisher={NIPS}
}